@Misc{zhihu_trans,
    howpublished = {\url{https://zhuanlan.zhihu.com/p/24383274}},
    note = {Accessed Dec 4, 2017},
    title = {深度学习实践：使用Tensorflow实现快速风格迁移},
    author = {何之源}
}
